<?xml version="1.0" encoding="UTF-8"?><record xmlns="http://www.loc.gov/MARC21/slim" xmlns:cinclude="http://apache.org/cocoon/include/1.0" xmlns:zs="http://www.loc.gov/zing/srw/">
  <leader>00568cz  a2200145n  4500</leader>
  <controlfield tag="001">n 2011040537</controlfield>
  <controlfield tag="003">DLC</controlfield>
  <controlfield tag="005">20130327081607.0</controlfield>
  <controlfield tag="008">110615n| azannaabn          |a aaa      </controlfield>
  <datafield tag="010" ind1=" " ind2=" ">
    <subfield code="a">n 2011040537</subfield>
  </datafield>
  <datafield tag="040" ind1=" " ind2=" ">
    <subfield code="a">DLC</subfield>
    <subfield code="b">eng</subfield>
    <subfield code="e">rda</subfield>
    <subfield code="c">DLC</subfield>
    <subfield code="d">DLC</subfield>
  </datafield>
  <datafield tag="046" ind1=" " ind2=" ">
    <subfield code="s">18</subfield>
  </datafield>
  <datafield tag="100" ind1="1" ind2=" ">
    <subfield code="a">Block, Samuel,</subfield>
    <subfield code="d">active 19th century</subfield>
  </datafield>
  <datafield tag="400" ind1="1" ind2=" ">
    <subfield code="w">nnea</subfield>
    <subfield code="a">Block, Samuel,</subfield>
    <subfield code="d">19th cent.</subfield>
  </datafield>
  <datafield tag="670" ind1=" " ind2=" ">
    <subfield code="a">NUCMC data from Amer. Jewish Archives for His Papers, 1884-1885</subfield>
    <subfield code="b">(Samuel Block; resident of Natchez, Miss.; coll. contains a benefit certificate of the American Legion of Honor; and statement of his estate (1884))</subfield>
  </datafield>
</record>